@article{Kuttner2001MonetaryPS,
      title={Monetary policy surprises and interest rates: Evidence from the Fed funds futures market},
      author={Kenneth N Kuttner},
      journal={Journal of Monetary Economics},
      year={2001},
      volume={47},
      pages={523-544}
      }

@article{Nakamura2018HighFrequencyIO,
      title={High-Frequency Identification of Monetary Non-Neutrality: The Information Effect},
      author={Emi Nakamura and JÃ³n Steinsson},
      journal={The Quarterly Journal of Economics},
      year={2018},
      volume={133},
      pages={1283-1330}
      }

@article{LEE1991InferringTD,
      title={Inferring Trade Direction from Intraday Data},
      author={CHARLES M. C. LEE and MARK J. READY},
      journal={The Journal of Finance},
      year={1991},
      volume={46},
      pages={733-746}
      }

@article{BOEHMER2021TrackingRI,
      title={Tracking Retail Investor Activity},
      author={EKKEHART BOEHMER and CHARLES M. JONES and XIAOYAN ZHANG and XINRAN ZHANG},
      journal={The Journal of Finance},
      year={2021},
      volume={76},
      pages={2249-2305}
      }

@article{Campbell2009CaughtOT,
      title={Caught on tape: Institutional trading, stock returns, and earnings announcements},
      author={John Y. Campbell and Tarun Ramadorai and Allie Schwartz},
      journal={Journal of Financial Economics},
      year={2009},
      volume={92},
      pages={66-91}
      }

@article{Golez2012PinningIT,
      title={Pinning in the S&amp;P 500 futures},
      author={Benjamin Golez and Jens Carsten Jackwerth},
      journal={Journal of Financial Economics},
      year={2012},
      volume={106},
      pages={566-585}
      }

@article{Avellaneda2003AMM,
      title={A market-induced mechanism for stock pinning},
      author={Marco Avellaneda and Michael D Lipkin},
      journal={Quantitative Finance},
      year={2003},
      volume={3},
      pages={417-425}
      }

@article{Hu2014DoesOT,
      title={Does option trading convey stock price information?},
      author={Jianfeng Hu},
      journal={Journal of Financial Economics},
      year={2014},
      volume={111},
      pages={625-645}
      }

@article{XIAOYANNI2005StockPC,
      title={Stock price clustering on option expiration dates},
      author={S XIAOYANNI and N PEARSON and A POTESHMAN},
      journal={Journal of Financial Economics},
      year={2005},
      volume={78},
      pages={49-87}
      }

@article{Easley1998OptionVA,
      title={Option Volume and Stock Prices: Evidence on Where Informed Traders Trade},
      author={David Easley and Maureen O'Hara and P.S. Srinivas},
      journal={The Journal of Finance},
      year={1998},
      volume={53},
      pages={431-465}
      }

@article{Holowczak2014AggregatingII,
      title={Aggregating Information in Option Transactions},
      author={Richard Holowczak and Jianfeng Hu and Liuren Wu},
      journal={The Journal of Derivatives},
      year={2014},
      volume={21},
      pages={9-23}
      }

@article{Carhart1997OnPI,
      title={On Persistence in Mutual Fund Performance},
      author={Mark M. Carhart},
      journal={The Journal of Finance},
      year={1997},
      volume={52},
      pages={57-82}
      }